<record xmlns="http://www.loc.gov/MARC21/slim" xmlns:xsi="http://www.w3.org/2001/XMLSchema-instance" xsi:schemaLocation="http://www.loc.gov/MARC21/slim http://www.loc.gov/standards/marcxml/schema/MARC21slim.xsd"><leader>00611nz   2200145n  4500</leader><controlfield tag="001">oca01767338 </controlfield><controlfield tag="005">19870209093820.1</controlfield><controlfield tag="008">861128n| acannaab|          |a aaa ||| c</controlfield><datafield ind1=" " ind2=" " tag="010"><subfield code="a">n  86048557 </subfield></datafield><datafield ind1=" " ind2=" " tag="040"><subfield code="a">NjP</subfield><subfield code="c">DLC</subfield><subfield code="d">DLC</subfield></datafield><datafield ind1="0" ind2=" " tag="100"><subfield code="a">Theon,</subfield><subfield code="c">of Alexandria,</subfield><subfield code="d">fl. 364.</subfield></datafield><datafield ind1="0" ind2=" " tag="400"><subfield code="a">Théon,</subfield><subfield code="c">d'Alexandrie,</subfield><subfield code="d">fl. 364</subfield></datafield><datafield ind1=" " ind2=" " tag="670"><subfield code="a">His Le grand commentaire de Théon d'Alexandrie aux Table faciles de Ptolémée, 1985-:</subfield><subfield code="b">v. 1, t.p. (Théon d'Alexandrie)</subfield></datafield><datafield ind1=" " ind2=" " tag="670"><subfield code="a">Encycl. Brit.</subfield><subfield code="b">(Theon of Alexandria, fl. 4th century)</subfield></datafield><datafield ind1=" " ind2=" " tag="670"><subfield code="a">Ox. class. dict., 2nd ed.</subfield><subfield code="b">(Theon of Alexandria, fl. A.D. 364; mathematician and astronomer)</subfield></datafield></record>